@misc{stacks,
    shorthand    = {Stacks},
    author       = {The {Stacks Project Authors}},
    title        = {\textit{Stacks Project}},
    howpublished = {\url{https://stacks.math.columbia.edu}},
    year         = {2021},
  }

@online{conradbrinon,
    author = "Brian Conrad and Oliver Brinon",
    title = "CMI Summer School Notes on $p$-adic Hodge Theory (Preliminary version)",
    url  = "http://math.stanford.edu/~conrad/papers/notes.pdf",
    year = {2009},
    keywords = "conrad, hodge theory"
}

@book{eisenbud_schemes,
    title = {The geometry of schemes},
    author = {David Eisenbud},
    isbn = {978-0-387-94269-8},
    series = {Graduate Texts in Mathematics},
    year = {1995},
    publisher = {Springer-Verlag New York},
    keywords = "commutative algebra"
}

@book{eisenbud_algebra,
    title = {Commutative Algebra (with a View Toward Algebraic Geometry)},
    author = {David Eisenbud and Joe Harris},
    isbn = {978-0-387-98637-1},
    series = {Graduate Texts in Mathematics},
    year = {2000},
    publisher = {Springer-Verlag New York},
    keywords = "geometry of schemes"
}

@online{GR1,
    author = "Dennis Gaitsgory and Nick Rozenblyum",
    title = "A study in derived algebraic geometry (Volume I: Deformations, Lie theory and formal geometry)",
    url  = "http://people.math.harvard.edu/~gaitsgde/GL/Vol2.pdf",
    year = {2017},
    keywords = "gaitsgory, rozenblyum, derived geometry"
}

@online{GR2,
    author = "Dennis Gaitsgory and Nick Rozenblyum",
    title = "A study in derived algebraic geometry (Volume II: Correspondences and duality)",
    url  = "http://people.math.harvard.edu/~gaitsgde/GL/Vol1.pdf",
    year = {2017},
    keywords = "gaitsgory, rozenblyum, derived geometry"
}

@online{HA,
    author = "Jacob Lurie",
    title = "Higher Algebra",
    url  = "http://people.math.harvard.edu/~lurie/papers/HA.pdf",
    year = {2017},
    keywords = "lurie, higher algebra"
}

@book{HTT,
    title = {Higher Topos Theory (AM-170)},
    isbn = {9780691140490},
    url = {http://www.jstor.org/stable/j.ctt7s47v},
    author = {Jacob Lurie},
    publisher = {Princeton University Press},
    year = {2009}
}

@book{maclane,
    title = {Categories for the Working Mathematician},
    author = {Saunders Mac Lane},
    isbn = {978-1-4419-3123-8},
    series = {Graduate Texts in Mathematics},
    year = {1978},
    publisher = {Springer-Verlag Berlin Heidelberg},
    keywords = "maclane, categories, category theory"
}

@book{redbook,
    title = {The Red Book of Varieties and Schemes (Includes the Michigan Lectures (1974) on Curves and their Jacobians)},
    author = {David Mumford},
    isbn = {978-3-540-63293-1},
    series = {Lecture Notes in Mathematics},
    year = {1999},
    publisher = {Springer-Verlag Berlin Heidelberg},
    keywords = "mumford, red book"
}

@online{risingsea,
    author = "Ravi Vakil",
    title = "The Rising Sea: Foundations of Algebraic Geometry",
    url  = "http://math.stanford.edu/~vakil/216blog/FOAGnov1817public",
    year = {2017},
    keywords = "vakil, rising sea"
}

@book{silverman_elliptic_curves,
    title = {The Arithmetic of Elliptic Curves (Second Edition)},
    author = {Joseph H. Silverman},
    isbn = {978-0-387-09493-9},
    series = {Graduate Texts in Mathematics},
    year = {2009},
    publisher = {Springer-Verlag New York},
    keywords = "arithmetic of elliptic curves"
}

@misc{TV2,
    title={Homotopical Algebraic Geometry II: geometric stacks and applications},
    author={Bertrand Toen and Gabriele Vezzosi},
    year={2004},
    eprint={math/0404373},
    archivePrefix={arXiv},
    primaryClass={math.AG}
}

@book{koblitz_p_adic,
    title = {$p$-adic Numbers, $p$-adic Analysis, and Zeta-Functions (Second Edition)},
    author = {Neal Koblitz},
    isbn = {978-1-4612-7014-0},
    series = {Graduate Texts in Mathematics},
    year = {1984},
    publisher = {Springer-Verlag New York},
    keywords = "koblitz, p-adic analysis, p-adic numbers"
}

@misc{christian_511_project,
    title={A \textit{very} gentle introduction to arithmetic geometry},
    author={Christian Bagshaw},
    year={2019},
    eprint={},
    archivePrefix={},
    primaryClass={},
    note = "Available upon request through {\tt christian.bagshaw@ucalgary.ca} (Email address to be updated)"
}

@article{ega1,
     author = {Grothendieck, Alexander},
     title = {\'El\'ements de g\'eom\'etrie alg\'ebrique : I. Le langage des sch\'emas},
     journal = {Publications Math\'ematiques de l'IH\'ES},
     pages = {5--228},
     publisher = {Institut des Hautes \'Etudes Scientifiques},
     volume = {4},
     year = {1960},
     zbl = {0118.36206},
     language = {fr},
     url = {www.numdam.org/item/PMIHES_1960__4__5_0/},
     keywords = "ega1, ega, grothendieck, algebraic geometry"
}

@book{hartshorne,
    title = {Algebraic Geometry},
    author = {Robin Hartshorne},
    isbn = {978-0-387-90244-9},
    series = {Graduate Texts in Mathematics},
    year = {1977},
    publisher = {Springer-Verlag New York},
    keywords = "hartshorne, algebraic geometry"
}

@book{sga4,
    title = {Theorie des Topos et Cohomologie Etale des Schemas. Seminaire de Geometrie Algebrique du Bois-Marie 1963-1964 (SGA 4) - Tome 1 \`a 3; avec la participation de N. Bourbaki, P. Deligne, B. Saint-Donat},
    author = {Michael Artin and Alexandre Grothendieck and Jean-Louis Verdier},
    series = {Lecture Notes in Mathematics},
    year = {1972},
    publisher = {Springer-Verlag Berlin Heidelberg},
    keywords = "sga, sga4, algebraic geometry, topos theory, etale cohomology",
    url = {http://www.normalesup.org/~forgogozo/SGA4/tomes/SGA4.pdf}
}

@misc{GR_crystals,
    title={Crystals and D-modules}, 
    author={Dennis Gaitsgory and Nick Rozenblyum},
    year={2014},
    eprint={1111.2087},
    archivePrefix={arXiv},
    primaryClass={math.AG},
    keywords = "gaitsgory, rozenblyum, crystals, D-modules"
}

@online{lurie_crystals,
    author = "Jacob Lurie",
    title = "Crystals and D-modules",
    url  = "http://people.math.harvard.edu/~gaitsgde/grad_2009/SeminarNotes/Nov17-19(Crystals).pdf",
    year = {2009},
    keywords = "lurie, crystals, D-modules"
}

@book{elephant1,
    title = {Sketches of an Elephant: A Topos Theory Compendium (Volume 1)},
    author = {Peter T. Johnstone},
    isbn = {9780198534259},
    year = {2002},
    publisher = {Clarendon Press},
    keywords = "topos theory, elephant, johnstone",
    note = {Content guide to be found at \url{https://ncatlab.org/nlab/show/Elephant}}
}

@book{elephant2,
    title = {Sketches of an Elephant: A Topos Theory Compendium (Volume 2)},
    author = {Peter T. Johnstone},
    isbn = {9780198515982},
    year = {2002},
    publisher = {Clarendon Press},
    keywords = "topos theory, elephant, johnstone",
    note = {Content guide to be found at \url{https://ncatlab.org/nlab/show/Elephant}}
}

@misc{nlab:copower,
  author = {{nLab authors}},
  title = {copower},
  howpublished = {\url{http://ncatlab.org/nlab/show/copower}},
  note = {\href{http://ncatlab.org/nlab/revision/copower/22}{Revision 22}},
  month = feb,
  year = 2021
}

@misc{lurie_DAG:structured_spaces,
      title={Derived Algebraic Geometry V: Structured Spaces}, 
      author={Jacob Lurie},
      year={2009},
      eprint={0905.0459},
      archivePrefix={arXiv},
      primaryClass={math.CT}
}

@misc{vistoli_descent,
    title={Notes on Grothendieck topologies, fibered categories and descent theory},
    author={Angelo Vistoli},
    year={2004},
    eprint={math/0412512},
    archivePrefix={arXiv},
    primaryClass={math.AG}
}

@misc{leinster_higher_categories,
    title={Higher Operads, Higher Categories},
    author={Tom Leinster},
    year={2003},
    eprint={math/0305049},
    archivePrefix={arXiv},
    primaryClass={math.CT}
}

@online{kelly_enriched_categories,
    author = "Gregory Maxwell Kelly",
    title = "Basic concepts of Enriched Category Theory",
    url  = "https://people.math.rochester.edu/faculty/doug/otherpapers/kelly-book.pdf",
    year = {2005},
    keywords = "enriched category theory"
}

@online{EGNO,
    author = "Pavel Etingof and Shlomo Gelaki and Dmitri Nikshych and Victor Ostrik",
    title = "Tensor Categories",
    series = "Mathematical Surveys and Monographs",
    publisher = "American Mathematical Society",
    url  = "http://www-math.mit.edu/~etingof/egnobookfinal.pdf",
    year = {2015},
    keywords = "tensor categories"
}

@misc{riehl_from_scratch,
    title={Infinity category theory from scratch}, 
    author={Emily Riehl and Dominic Verity},
    year={2019},
    eprint={1608.05314},
    archivePrefix={arXiv},
    primaryClass={math.CT}
}

@book{sheaves_in_geometry_and_logic,
    title = {Sheaves in Geometry and Logic: A First Introduction to Topos Theory},
    author = {Saunders Mac Lane and Ieke Moerdijk},
    isbn = {978-0-387-97710-2},
    series = {Universitext},
    year = {1994},
    publisher = {Springer-Verlag New York},
    keywords = "maclane, categories, category theory, topos theory, sheaves"
}

@misc{nlab:presheaf,
  author = {{nLab authors}},
  title = {presheaf},
  howpublished = {\url{http://ncatlab.org/nlab/show/presheaf}},
  note = {\href{http://ncatlab.org/nlab/revision/presheaf/57}{Revision 57}},
  month = feb,
  year = 2021
}

@misc{nlab:hom-functor_preserves_limits,
  author = {{nLab authors}},
  title = {hom-functor preserves limits},
  howpublished = {\url{http://ncatlab.org/nlab/show/hom-functor\%20preserves\%20limits}},
  note = {\href{http://ncatlab.org/nlab/revision/hom-functor\%20preserves\%20limits/7}{Revision 7}},
  month = feb,
  year = 2021
}

@misc{nlab:sheaf,
  author = {{nLab authors}},
  title = {sheaf},
  howpublished = {\url{http://ncatlab.org/nlab/show/sheaf}},
  note = {\href{http://ncatlab.org/nlab/revision/sheaf/70}{Revision 70}},
  month = feb,
  year = 2021
}

@article{riehl_loregian_fibration,
   title={Categorical notions of fibration},
   volume={38},
   ISSN={0723-0869},
   url={http://dx.doi.org/10.1016/j.exmath.2019.02.004},
   DOI={10.1016/j.exmath.2019.02.004},
   number={4},
   journal={Expositiones Mathematicae},
   publisher={Elsevier BV},
   author={Loregian, Fosco and Riehl, Emily},
   year={2020},
   month= dec,
   pages={496–514}
}

@book{knutson,
    title = {Algebraic spaces},
    author = {Donald Knutson},
    isbn = {978-3-540-05496-2},
    series = {Lecture Notes in Mathematics},
    year = {1971},
    publisher = {Springer-Verlag Berlin Heidelberg},
    keywords = "knutson, algebraic spaces"
}

@misc{nlab:yoneda_lemma_for_bicategories,
  author = {{nLab authors}},
  title = {{{Y}}oneda lemma for bicategories},
  howpublished = {\url{http://ncatlab.org/nlab/show/Yoneda\%20lemma\%20for\%20bicategories}},
  note = {\href{http://ncatlab.org/nlab/revision/Yoneda\%20lemma\%20for\%20bicategories/16}{Revision 16}},
  month = feb,
  year = 2021
}

@online{schwede_gluing,
    author = "Karl Schwede",
    title = "Gluing Schemes and a Scheme Without Closed Points",
    url = "https://www.math.utah.edu/~schwede/Papers/SchemeWithoutPoints.pdf",
    year = {2000},
    keywords = "schemes, gluing, schwede"
}

@misc{shulman2008set,
    title={Set theory for category theory}, 
    author={Michael A. Shulman},
    year={2008},
    eprint={0810.1279},
    archivePrefix={arXiv},
    primaryClass={math.CT}
}

@misc{nlab:closure_operator,
  author = {{nLab authors}},
  title = {closure operator},
  howpublished = {\url{http://ncatlab.org/nlab/show/closure\%20operator}},
  note = {\href{http://ncatlab.org/nlab/revision/closure\%20operator/12}{Revision 12}},
  month = feb,
  year = 2021
}

@misc{nlab:congruence,
  author = {{nLab authors}},
  title = {congruence},
  howpublished = {\url{http://ncatlab.org/nlab/show/congruence}},
  note = {\href{http://ncatlab.org/nlab/revision/congruence/22}{Revision 22}},
  month = feb,
  year = 2021
}

@article{pronk_universal_property_of_span,
author = {Dawson, R. and Paré, Robert and Pronk, Dorette},
year = {2004},
month = {01},
pages = {},
title = {Universal properties of span},
volume = {13},
journal = {Theory and Applications of Categories [electronic only]}
}

@misc{nlab:adjoint_functor_theorem,
  author = {{nLab authors}},
  title = {adjoint functor theorem},
  howpublished = {\url{http://ncatlab.org/nlab/show/adjoint\%20functor\%20theorem}},
  note = {\href{http://ncatlab.org/nlab/revision/adjoint\%20functor\%20theorem/59}{Revision 59}},
  month = mar,
  year = 2021
}

@misc{nlab:line_object,
  author = {{nLab authors}},
  title = {line object},
  howpublished = {\url{http://ncatlab.org/nlab/show/line\%20object}},
  note = {\href{http://ncatlab.org/nlab/revision/line\%20object/21}{Revision 21}},
  month = apr,
  year = 2021
}

@misc{nlab:core,
  author = {{nLab authors}},
  title = {core},
  howpublished = {\url{http://ncatlab.org/nlab/show/core}},
  note = {\href{http://ncatlab.org/nlab/revision/core/10}{Revision 10}},
  month = apr,
  year = 2021
}

@misc{nlab:strict_2-group,
  author = {{nLab authors}},
  title = {strict 2-group},
  howpublished = {\url{http://ncatlab.org/nlab/show/strict\%202-group}},
  note = {\href{http://ncatlab.org/nlab/revision/strict\%202-group/13}{Revision 13}},
  month = apr,
  year = 2021
}

@misc{nlab:cleavage,
  author = {{nLab authors}},
  title = {cleavage},
  howpublished = {\url{http://ncatlab.org/nlab/show/cleavage}},
  note = {\href{http://ncatlab.org/nlab/revision/cleavage/9}{Revision 9}},
  month = apr,
  year = 2021
}

@misc{nlab:simplicial_set,
  author = {{nLab authors}},
  title = {simplicial set},
  howpublished = {\url{http://ncatlab.org/nlab/show/simplicial\%20set}},
  note = {\href{http://ncatlab.org/nlab/revision/simplicial\%20set/78}{Revision 78}},
  month = apr,
  year = 2021
}

@misc{suzuki_yoshida_lcft_refinement,
      title={A refinement of the local class field theory of Serre and Hazewinkel}, 
      author={Takashi Suzuki and Manabu Yoshida},
      year={2012},
      eprint={1104.1762},
      archivePrefix={arXiv},
      primaryClass={math.NT}
}

@misc{scholze2011perfectoid,
      title={Perfectoid spaces}, 
      author={Peter Scholze},
      year={2011},
      eprint={1111.4914},
      archivePrefix={arXiv},
      primaryClass={math.AG}
}

@misc{nlab:limit,
  author = {{nLab authors}},
  title = {limit},
  howpublished = {\url{http://ncatlab.org/nlab/show/limit}},
  note = {\href{http://ncatlab.org/nlab/revision/limit/80}{Revision 80}},
  month = may,
  year = 2021
}

@misc{bhatt_scholze_2014_pro_etale,
    title={The pro-\'etale topology for schemes}, 
    author={Bhargav Bhatt and Peter Scholze},
    year={2014},
    eprint={1309.1198},
    archivePrefix={arXiv},
    primaryClass={math.AG}
}

@misc{scholze2021diamond,
    title={Etale cohomology of diamonds}, 
    author={Peter Scholze},
    year={2021},
    eprint={1709.07343},
    archivePrefix={arXiv},
    primaryClass={math.AG}
}

@article{noohi_fundamental_group,
   title={Fundamental groups of topological stacks with the slice property},
   volume={8},
   ISSN={1472-2747},
   url={http://dx.doi.org/10.2140/agt.2008.8.1333},
   DOI={10.2140/agt.2008.8.1333},
   number={3},
   journal={Algebraic \& Geometric Topology},
   publisher={Mathematical Sciences Publishers},
   author={Noohi, Behrang},
   year={2008},
   month=8,
   pages={1333–1370}
}

@misc{nlab:lambda-ring,
  author = {{nLab authors}},
  title = {{{L}}ambda-ring},
  howpublished = {\url{http://ncatlab.org/nlab/show/Lambda-ring}},
  note = {\href{http://ncatlab.org/nlab/revision/Lambda-ring/45}{Revision 45}},
  month = may,
  year = 2021
}

@misc{nlab:ring_of_witt_vectors,
  author = {{nLab authors}},
  title = {ring of {{W}}itt vectors},
  howpublished = {\url{http://ncatlab.org/nlab/show/ring\%20of\%20Witt\%20vectors}},
  note = {\href{http://ncatlab.org/nlab/revision/ring\%20of\%20Witt\%20vectors/31}{Revision 31}},
  month = may,
  year = 2021
}

@misc{shimomoto2014witt,
    title={On the Witt vectors of perfect rings in positive characteristic}, 
    author={Kazuma Shimomoto},
    year={2014},
    eprint={1404.5147},
    archivePrefix={arXiv},
    primaryClass={math.AC}
}

@misc{nlab:coherent_sheaf,
  author = {{nLab authors}},
  title = {coherent sheaf},
  howpublished = {\url{http://ncatlab.org/nlab/show/coherent\%20sheaf}},
  note = {\href{http://ncatlab.org/nlab/revision/coherent\%20sheaf/25}{Revision 25}},
  month = jun,
  year = 2021
}

@misc{nlab:infinity-1-limit,
  author = {{nLab authors}},
  title = {$({\infty},1)$-limit},
  howpublished = {\url{http://ncatlab.org/nlab/show/\%28\%E2\%88\%9E\%2C1\%29-limit}},
  note = {\href{http://ncatlab.org/nlab/revision/\%28\%E2\%88\%9E\%2C1\%29-limit/74}{Revision 74}},
  month = may,
  year = 2021
}
    
@misc{bhatt_scholze_prisms,
    title={Prisms and Prismatic Cohomology}, 
    author={Bhargav Bhatt and Peter Scholze},
    year={2021},
    eprint={1905.08229},
    archivePrefix={arXiv},
    primaryClass={math.AG}
    }
    
@online{my_commalg_book,
    author = "Dat Minh Ha",
    title = "A commutative algebra pocket dictionary for number theorists and geometers",
    url  = "https://www.overleaf.com/read/yqfnccpwvthk",
    year = {2021},
    keywords = "commutative algebra, algebraic geometry, arithmetic geometry, my book",
    note = "In preparation"
}
    
@online{gabber_ramero_almost_ring_theory,
    author = "Ofer Gabber and Lorenzo Ramero",
    title = "Foundations for almost ring theory",
    url  = "https://arxiv.org/abs/math/0409584v13",
    year = {2018},
    keywords = "almost-ring theory",
    note = "Release 7.5"
}

@misc{nlab:dold-kan_correspondence,
  author = {{nLab authors}},
  title = {{{D}}old-{{K}}an correspondence},
  howpublished = {\url{http://ncatlab.org/nlab/show/Dold-Kan\%20correspondence}},
  note = {\href{http://ncatlab.org/nlab/revision/Dold-Kan\%20correspondence/118}{Revision 118}},
  month = aug,
  year = 2021
}

@misc{fargues_scholze_geometrization_of_local_langlands,
      title={Geometrization of the local Langlands correspondence}, 
      author={Laurent Fargues and Peter Scholze},
      year={2021},
      eprint={2102.13459},
      archivePrefix={arXiv},
      primaryClass={math.RT}
}

@misc{scholze2012padic,
      title={p-adic Hodge theory for rigid-analytic varieties}, 
      author={Peter Scholze},
      year={2012},
      eprint={1205.3463},
      archivePrefix={arXiv},
      primaryClass={math.AG}
}

@book{chapter0,
    title={Algebra: Chapter 0},
    author={Aluffi, P.},
    isbn={9780821847817},
    lccn={2009004043},
    series={Graduate studies in mathematics},
    url={https://books.google.fr/books?id=deWkZWYbyHQC},
    year={2009},
    publisher={American Mathematical Society}
}

@book{beilinson2004chiral,
  title={Chiral Algebras},
  author={Beilinson, A. and Drinfeld, V},
  isbn={9780821835289},
  lccn={2003063872},
  series={American Mathematical Society Colloquium Publications},
  url={https://books.google.ca/books?id=Fr8jDwAAQBAJ},
  year={2004},
  publisher={American Mathematical Society}
}

@misc{zhu_2016_geometric_satake,
      title={Affine Grassmannians and the geometric Satake in mixed characteristic}, 
      author={Xinwen Zhu},
      year={2016},
      eprint={1407.8519},
      archivePrefix={arXiv},
      primaryClass={math.AG}
}

@book{levine_1998_mixed_motives,
    title={Mixed Motives},
    author={Levine, M. and American Mathematical Society},
    isbn={9780821807859},
    lccn={98004734},
    series={Mathematical surveys and monographs},
    url={https://books.google.ca/books?id=wufxBwAAQBAJ},
    year={1998},
    publisher={American Mathematical Society}
}

@article{nayak_essentially_of_finite_type,
    title = {Compactification for essentially finite-type maps},
    journal = {Advances in Mathematics},
    volume = {222},
    number = {2},
    pages = {527-546},
    year = {2009},
    issn = {0001-8708},
    doi = {https://doi.org/10.1016/j.aim.2009.05.002},
    url = {https://www.sciencedirect.com/science/article/pii/S0001870809001364},
    author = {Suresh Nayak},
    keywords = {Nagata compactification, Essentially of finite type, Grothendieck duality, Localizing map, Birational map},
    abstract = {We show that any separated essentially finite-type map f of noetherian schemes globally factors as f=hi where i is an injective localization map and h a separated finite-type map. In particular, via Nagata's compactification theorem, h can be chosen to be proper. We apply these results to Grothendieck duality. We also obtain other factorization results and provide essentialized versions of many general results such as Zariski's Main Theorem, Chow's Lemma, and blow-up descriptions of birational maps.}
}

@misc{tendler_2015_geometric_class_field_theory,
    title={Geometric Class Field Theory}, 
    author={Avichai Tendler},
    year={2015},
    eprint={1507.00104},
    archivePrefix={arXiv},
    primaryClass={math.AG}
}

@misc{tendler_2010_geometric_class_field_theory_original,
	author = {Tendler, Avichai},
	keywords = {Class field theory},
	language = {eng},
	title = {Geometric class field theory},
	year = {2010}}


@book{neukirch_2010_algebraic_number_theory,
  title={Algebraic Number Theory},
  author={Neukirch, J. and Schappacher, N.},
  isbn={9783642084737},
  series={Grundlehren der mathematischen Wissenschaften},
  url={https://books.google.ca/books?id=YUBOcgAACAAJ},
  year={2010},
  publisher={Springer Berlin Heidelberg}
}


@book{neukirch_1999_cohomology_of_number_field,
  title={Cohomology of Number Fields},
  author={Neukirch, J. and Schmidt, A. and Wingberg, K.},
  isbn={9783540666714},
  lccn={99056700},
  series={Grundlehren der mathematischen Wissenschaften},
  url={https://books.google.ca/books?id=9WST1LnyCucC},
  year={1999},
  publisher={Springer Berlin Heidelberg}
}

@book{lam_first_course_in_noncommutative_rings,
  title={A First Course in Noncommutative Rings},
  author={Lam, T.Y.},
  isbn={9780387951836},
  lccn={00052277},
  series={Graduate Texts in Mathematics},
  url={https://books.google.ca/books?id=f15FyZuZ3-4C},
  year={2001},
  publisher={Springer}
}
